<record><leader>00000cas a2200000 a 4500</leader><controlfield tag="001">10427839</controlfield><controlfield tag="008">840217d18731877vtuwr ne      0   a0eng c</controlfield><datafield ind1=" " ind2=" " tag="010"><subfield code="a">sn 84022488 </subfield></datafield><datafield ind1=" " ind2=" " tag="040"><subfield code="a">NPX</subfield><subfield code="b">eng</subfield><subfield code="c">NPX</subfield><subfield code="d">NPU</subfield><subfield code="d">DLC</subfield><subfield code="d">MGN</subfield><subfield code="d">NVN</subfield><subfield code="d">OCLCQ</subfield><subfield code="d">NVN</subfield><subfield code="d">OCLCQ</subfield><subfield code="d">DLC</subfield><subfield code="d">OCLCA</subfield><subfield code="d">OCLCF</subfield></datafield><datafield ind1="0" ind2=" " tag="022"><subfield code="a">2328-3475</subfield><subfield code="2">1</subfield></datafield><datafield ind1="1" ind2=" " tag="029"><subfield code="a">AU@</subfield><subfield code="b">000003229035</subfield></datafield><datafield ind1=" " ind2=" " tag="042"><subfield code="a">pcc</subfield><subfield code="a">nsdp</subfield></datafield><datafield ind1=" " ind2=" " tag="043"><subfield code="a">n-us-vt</subfield></datafield><datafield ind1="0" ind2="0" tag="050"><subfield code="a">Newspaper</subfield></datafield><datafield ind1="0" ind2="0" tag="082"><subfield code="a">071</subfield><subfield code="2">23</subfield></datafield><datafield ind1=" " ind2="4" tag="222"><subfield code="a">The Rutland weekly globe</subfield><subfield code="b">(Print)</subfield></datafield><datafield ind1="0" ind2="4" tag="245"><subfield code="a">The Rutland weekly globe.</subfield></datafield><datafield ind1=" " ind2=" " tag="260"><subfield code="a">Rutland, Vt. :</subfield><subfield code="b">Globe Paper Co.</subfield></datafield><datafield ind1=" " ind2=" " tag="300"><subfield code="a">v. ;</subfield><subfield code="c">64 cm.</subfield></datafield><datafield ind1=" " ind2=" " tag="310"><subfield code="a">Weekly</subfield></datafield><datafield ind1="1" ind2=" " tag="362"><subfield code="a">Began in May 1873; ceased Aug. 28, 1877.</subfield></datafield><datafield ind1=" " ind2=" " tag="530"><subfield code="a">Archived issues are available in digital format as part of the Library of Congress Chronicling America online collection.</subfield></datafield><datafield ind1=" " ind2=" " tag="580"><subfield code="a">Merged with: Rutland weekly herald (Rutland, Vt. : 1859) to form: Rutland weekly herald &amp; globe.</subfield></datafield><datafield ind1=" " ind2=" " tag="588"><subfield code="a">Description based on: Vol. 1, no. 3 (May 23, 1873).</subfield></datafield><datafield ind1=" " ind2="0" tag="651"><subfield code="a">Rutland (Vt.)</subfield><subfield code="v">Newspapers.</subfield></datafield><datafield ind1=" " ind2="0" tag="651"><subfield code="a">Vermont</subfield><subfield code="v">Newspapers.</subfield></datafield><datafield ind1=" " ind2="7" tag="655"><subfield code="a">Newspapers.</subfield><subfield code="2">fast</subfield><subfield code="0">(OCoLC)fst01423814</subfield></datafield><datafield ind1=" " ind2="7" tag="651"><subfield code="a">Vermont.</subfield><subfield code="2">fast</subfield><subfield code="0">(OCoLC)fst01204305</subfield></datafield><datafield ind1=" " ind2="7" tag="651"><subfield code="a">Vermont</subfield><subfield code="z">Rutland.</subfield><subfield code="2">fast</subfield><subfield code="0">(OCoLC)fst01214597</subfield></datafield><datafield ind1=" " ind2=" " tag="752"><subfield code="a">United States</subfield><subfield code="b">Vermont</subfield><subfield code="c">Rutland</subfield><subfield code="d">Rutland.</subfield></datafield><datafield ind1="0" ind2=" " tag="775"><subfield code="t">Rutland daily globe</subfield><subfield code="x">2328-3432</subfield><subfield code="w">(DLC)sn 84022473</subfield><subfield code="w">(OCoLC)10412435</subfield></datafield><datafield ind1="1" ind2=" " tag="776"><subfield code="t">Rutland weekly globe (Online)</subfield><subfield code="x">2328-3483</subfield><subfield code="w">(DLC)  2013218736</subfield><subfield code="w">(OCoLC)839674570</subfield></datafield><datafield ind1="0" ind2="5" tag="780"><subfield code="t">Rutland independent</subfield><subfield code="w">(DLC)sn 84022518</subfield><subfield code="w">(OCoLC)10449211</subfield></datafield><datafield ind1="0" ind2="5" tag="780"><subfield code="t">Rutland courier</subfield><subfield code="w">(DLC)sn 84022490</subfield><subfield code="w">(OCoLC)10438290</subfield></datafield><datafield ind1="1" ind2="7" tag="785"><subfield code="t">Rutland weekly herald (Rutland, Vt. : 1859)</subfield><subfield code="w">(DLC)sn 84022367</subfield><subfield code="w">(OCoLC)2267361</subfield></datafield><datafield ind1="1" ind2="7" tag="785"><subfield code="t">Rutland weekly herald &amp; globe</subfield><subfield code="w">(DLC)sn 86071667</subfield><subfield code="w">(OCoLC)13781932</subfield></datafield><datafield ind1="4" ind2="1" tag="856"><subfield code="u">http://chroniclingamerica.loc.gov/lccn/sn84022488/issues/</subfield></datafield></record>